%% This BibTeX bibliography file was created using BibDesk.
%% http://bibdesk.sourceforge.net/


%% Created for Fabio at 2011-10-15 18:54:18 +0200 


%% Saved with string encoding Unicode (UTF-8) 



@article{gerrardGUI,
	Author = {Paul Gerrard},
	Date-Added = {2011-10-15 18:51:22 +0200},
	Date-Modified = {2011-10-15 18:52:28 +0200},
	Title = {Testing GUI Applications},
	Year = {1997}}

@book{agileRequirements,
	Author = {Dean Leffingwell, Don Widrig},
	Date-Added = {2011-10-15 18:35:45 +0200},
	Date-Modified = {2011-10-15 18:38:04 +0200},
	Publisher = {Addison Wesley},
	Title = {Agile Software Requirements: Lean Requirements Practices for Teams, Programs, and the Enterprise},
	Year = {2010}}

@article{memonGuiTesting,
	Author = {Atif M. Memon},
	Date-Added = {2011-10-15 18:30:01 +0200},
	Date-Modified = {2011-10-15 18:31:18 +0200},
	Journal = {University of Maryland},
	Title = {GUI Testing: Pitfalls and Process},
	Year = {2002}}

@url{ajaxGarrett,
	Author = {Jesse James Garrett},
	Date-Added = {2011-10-15 18:22:51 +0200},
	Date-Modified = {2011-10-15 18:24:35 +0200},
	Lastchecked = {01/09/2011},
	Title = {Ajax: A New Approach to Web Applications},
	Urldate = {http://www.adaptivepath.com/ideas/ajax-new-approach-web-applications}}

@article{guiTestGeneration,
	Author = {Atif M. Memon, Martha E. Pollack, Mary Lou Soffa},
	Date-Added = {2011-10-15 17:56:17 +0200},
	Date-Modified = {2011-10-15 17:58:17 +0200},
	Title = {Plan Generation for GUI Testing}}

@book{microsoft,
	Author = {Grigori Melnik, Gerard Meszaros, Jon Bach},
	Date-Added = {2011-10-15 15:31:29 +0200},
	Date-Modified = {2011-10-15 15:32:18 +0200},
	Publisher = {Microsoft},
	Title = {Acceptance Test Engineering Guide },
	Year = {2009}}

@book{KanerFalk,
	Author = {Kaner, Falk, Nguyen},
	Date-Added = {2011-10-14 12:04:17 +0200},
	Date-Modified = {2011-10-14 12:07:22 +0200},
	Publisher = {Wiley},
	Title = {Testing computer software},
	Year = {1999}}
